%% This BibTeX bibliography file was created using BibDesk.
%% http://bibdesk.sourceforge.net/

%% Created for guofangma at 2016-05-31 17:40:56 +0800 


%% Saved with string encoding Unicode (UTF-8) 



@inproceedings{chen2014context,
	Author = {Chen, Chaochao and Zheng, Xiaolin and Wang, Yan and Hong, Fuxing and Lin, Zhen},
	Booktitle = {Twenty-Eighth AAAI Conference on Artificial Intelligence},
	Date-Added = {2016-05-31 09:38:09 +0000},
	Date-Modified = {2016-05-31 09:38:09 +0000},
	Title = {Context-aware collaborative topic regression with social matrix factorization for recommender systems},
	Year = {2014}}
